@article{kessler2013epidemiology,
  title={The epidemiology of depression across cultures},
  author={Kessler, Ronald C and Bromet, Evelyn J},
  journal={Annual review of public health},
  volume={34},
  pages={119--138},
  year={2013},
  publisher={Annual Reviews}
}

@article{bandelow2015epidemiology,
  title={Epidemiology of anxiety disorders in the 21st century},
  author={Bandelow, Borwin and Michaelis, Sophie},
  journal={Dialogues in clinical neuroscience},
  volume={17},
  number={3},
  pages={327},
  year={2015},
  publisher={Les Laboratoires Servier}
}

@article{spielberger2013effects,
  title={The effects of anxiety on complex learning},
  author={Spielberger, Charles D},
  journal={Anxiety and behavior},
  pages={361},
  year={2013}
}

@article{darke1988effects,
  title={Effects of anxiety on inferential reasoning task performance.},
  author={Darke, Shane},
  journal={Journal of personality and social psychology},
  volume={55},
  number={3},
  pages={499},
  year={1988},
  publisher={American Psychological Association}
}

@article{penninx2017depression,
  title={Depression and cardiovascular disease: epidemiological evidence on their linking mechanisms},
  author={Penninx, Brenda WJH},
  journal={Neuroscience \& Biobehavioral Reviews},
  volume={74},
  pages={277--286},
  year={2017},
  publisher={Elsevier}
}


@article{bradley2015depression,
  title={Depression and cardiovascular disease},
  author={Bradley, Steven M and Rumsfeld, John S},
  journal={Trends in Cardiovascular Medicine},
  volume={25},
  number={7},
  pages={614--622},
  year={2015},
  publisher={Elsevier}
}

@article{verma2017impact,
  title={Impact of depression on health related quality of life in patients with diabetes},
  author={Verma, Swapna K and Luo, Nan and Subramaniam, Mythily and Sum, Chee Fang and Stahl, Dorit and Liow, Pei Hsiang and Chong, Siow Ann},
  year={2017}
}

